

@book{CesariniThompson,
	Author = {Cesarini, Francesco and Thompson, Simon},
	Date-Added = {2011-04-20 09:01:58 +0100},
	Date-Modified = {2011-04-20 09:01:58 +0100},
	Publisher = {O'Reilly Media, Inc.},
	Title = {Erlang Programming},
	Year = {2009}}

@misc{d31,
  title={D3.1: Interface compliance tools and techniques},
  author={Smallbone, Nick and Arts, Thomas and Thompson, Simon and Taylor, Ramsay},
  year={2014},
  howpublished="\url{http://www.prowessproject.eu/wp-content/uploads/2012/10/Prowess_D3-1.pdf}"
}

@inproceedings{lamela2014synapse,
  title={Synapse: automatic behaviour inference and implementation comparison for Erlang},
  author={Lamela Seijas, Pablo and Thompson, Simon and Taylor, Ramsay and Bogdanov, Kirill and Derrick, John},
  booktitle={Proceedings of the Thirteenth ACM SIGPLAN workshop on Erlang},
  pages={73--74},
  year={2014},
  organization={ACM}
}

@inproceedings{ren2005chianti,
  title={Chianti: a change impact analysis tool for java programs},
  author={Ren, Xiaoxia and Ryder, Barbara G and Stoerzer, Maximilian and Tip, Frank},
  booktitle={Software Engineering, 2005. ICSE 2005. Proceedings. 27th International Conference on},
  pages={664--665},
  year={2005},
  organization={IEEE}
}

@inproceedings{binkley1995reducing,
  title={Reducing the cost of regression testing by semantics guided test case selection},
  author={Binkley, David},
  booktitle={Software Maintenance, 1995. Proceedings., International Conference on},
  pages={251--260},
  year={1995},
  organization={IEEE}
}

@article{ball1998limit,
  title={On the limit of control flow analysis for regression test selection},
  author={Ball, Thomas},
  journal={ACM SIGSOFT Software Engineering Notes},
  volume={23},
  number={2},
  pages={134--142},
  year={1998},
  publisher={ACM}
}

@inproceedings{xu2010directed,
  title={Directed test suite augmentation: techniques and tradeoffs},
  author={Xu, Zhihong and Kim, Yunho and Kim, Moonzoo and Rothermel, Gregg and Cohen, Myra B},
  booktitle={Proceedings of the eighteenth ACM SIGSOFT international symposium on Foundations of software engineering},
  pages={257--266},
  year={2010},
  organization={ACM}
}

@inproceedings{mirzaaghaei2012supporting,
  title={Supporting test suite evolution through test case adaptation},
  author={Mirzaaghaei, Mehdi and Pastore, Fabrizio and Pezze, Mauro},
  booktitle={Software Testing, Verification and Validation (ICST), 2012 IEEE Fifth International Conference on},
  pages={231--240},
  year={2012},
  organization={IEEE}
}

@inproceedings{daniel2010test,
  title={On test repair using symbolic execution},
  author={Daniel, Brett and Gvero, Tihomir and Marinov, Darko},
  booktitle={Proceedings of the 19th international symposium on Software testing and analysis},
  pages={207--218},
  year={2010},
  organization={ACM}
}

@inproceedings{taneja2008diffgen,
  title={DiffGen: Automated regression unit-test generation},
  author={Taneja, Kunal and Xie, Tao},
  booktitle={Automated Software Engineering, 2008. ASE 2008. 23rd IEEE/ACM International Conference on},
  pages={407--410},
  year={2008},
  organization={IEEE}
}
